<?xml version="1.0" encoding="UTF-8"?><collection xmlns="http://www.loc.gov/MARC21/slim"><record><leader>00362nam--2200121-i-4500</leader><controlfield tag="001">000033747</controlfield><controlfield tag="002">20161230</controlfield><controlfield tag="005">20161230201039</controlfield><controlfield tag="008">060222s1000------------r-----000-0-eng-d</controlfield><datafield ind1=" " ind2=" " tag="100"><subfield code="a">Nel, Lous T</subfield></datafield><datafield ind1=" " ind2=" " tag="245"><subfield code="a">The genetic problem of uraninite in the south african gold-bearing conglomerates</subfield></datafield><datafield ind1=" " ind2=" " tag="260"><subfield code="a">Copenhagen, Det Berlingske Bogtrykkeri, 1960. 25p</subfield></datafield><datafield ind1=" " ind2=" " tag="852"><subfield code="a">12097</subfield></datafield></record></collection>